@inproceedings{watanabe2002acpi,
  title={ACPI Implementation on FreeBSD.},
  author={Watanabe, Takanori},
  booktitle={USENIX Annual Technical Conference, FREENIX Track},
  pages={121--131},
  year={2002}
}

@article{steigerwald2011developing,
  title={Developing green software},
  author={Steigerwald, B and Agrawal, Abhishek},
  journal={Intel White Paper},
  year={2011}
}

@inproceedings{dabbagh2011approach,
  title={An approach to measuring kernel energy in software applications},
  author={Dabbagh, Mehiar and Hajj, Hazem},
  booktitle={Energy Aware Computing (ICEAC), 2011 International Conference on},
  pages={1--6},
  year={2011},
  organization={IEEE}
}

@article{bessi2014methodology,
  title={A methodology to improve the energy efficiency of software},
  author={Bessi, Marco},
  year={2014},
  publisher={Italy}
}

@inproceedings{siegmund2010automating,
  title={Automating energy optimization with features},
  author={Siegmund, Norbert and Rosenm{\"u}ller, Marko and Apel, Sven},
  booktitle={Proceedings of the 2nd International Workshop on Feature-Oriented Software Development},
  pages={2--9},
  year={2010},
  organization={ACM}
}

@inproceedings{ardito2013energy,
  title={Energy aware self-adaptation in mobile systems},
  author={Ardito, Luca},
  booktitle={Proceedings of the 2013 International Conference on Software Engineering},
  pages={1435--1437},
  year={2013},
  organization={IEEE Press}
}


@inproceedings{bunse2009choosing,
  title={Choosing the" Best" Sorting Algorithm for Optimal Energy Consumption.},
  author={Bunse, Christian and H{\"o}pfner, Hagen and Roychoudhury, Suman and Mansour, Essam},
  booktitle={ICSOFT (2)},
  pages={199--206},
  year={2009}
}

@article{hahnel2012measuring,
  title={Measuring energy consumption for short code paths using RAPL},
  author={H{\"a}hnel, Marcus and D{\"o}bel, Bj{\"o}rn and V{\"o}lp, Marcus and H{\"a}rtig, Hermann},
  journal={ACM SIGMETRICS Performance Evaluation Review},
  volume={40},
  number={3},
  pages={13--17},
  year={2012},
  publisher={ACM}
}

@phdthesis{ardito2014energy,
  title={Energy-aware Software},
  author={Ardito, Luca},
  year={2014},
  school={Politecnico di Torino}
}

@article{benedict2012energy,
  title={Energy-aware performance analysis methodologies for HPC architectures—An exploratory study},
  author={Benedict, Shajulin},
  journal={Journal of Network and Computer Applications},
  volume={35},
  number={6},
  pages={1709--1719},
  year={2012},
  publisher={Elsevier}
}

@misc{fowler1997refactoring,
  title={Refactoring: Improving the Design of Existing Code},
  author={Fowler, Martin},
  year={1997},
  publisher={Addison-Wesley, Boston}
}

@article{tange2011gnu,
  title={GNU Parallel—the command-line power tool},
  author={Tange, Ole},
  journal={The USENIX Magazine},
  volume={36},
  number={1},
  pages={42--47},
  year={2011}
}

@article{kopytov2004sysbench,
  title={SysBench: a system performance benchmark},
  author={Kopytov, Alexey},
  note={\url{http://sysbench.sourceforge.net}},
  year={2004}
}

@inproceedings{harmon2009sustainable,
  title={Sustainable IT services: Assessing the impact of green computing practices},
  author={Harmon, Robert R and Auseklis, Nora},
  booktitle={Management of Engineering \& Technology, 2009. PICMET 2009. Portland International Conference on},
  pages={1707--1717},
  year={2009},
  organization={IEEE}
}

@article{wang2013review,
  title={Review of performance metrics for green data centers: a taxonomy study},
  author={Wang, Lizhe and Khan, Samee U},
  journal={The journal of supercomputing},
  volume={63},
  number={3},
  pages={639--656},
  year={2013},
  publisher={Springer}
}

@article{murugesan2008harnessing,
  title={Harnessing green IT: Principles and practices},
  author={Murugesan, San},
  journal={IT professional},
  volume={10},
  number={1},
  pages={24--33},
  year={2008},
  publisher={IEEE}
}

@book{organisation2001extended,
  title={Extended Producer Responsibility: A Guidance Manual for Governments},
  author={Organisation for Economic Co-operation and Development},
  year={2001},
  publisher={OECD Publishing}
}

@book{puckett2002exporting,
  title={Exporting harm: the high-tech trashing of Asia},
  author={Puckett, Jim and Ryan, Mary and Zude, Bill and Simpson, Staci and Hedenrick, Tony and Network, Basel Action},
  year={2002},
  publisher={Basel Action Network}
}

@article{albers2010energy,
  title={Energy-efficient algorithms},
  author={Albers, Susanne},
  journal={Communications of the ACM},
  volume={53},
  number={5},
  pages={86--96},
  year={2010},
  publisher={ACM}
}


@article{beloglazov2011taxonomy,
  title={A taxonomy and survey of energy-efficient data centers and cloud computing systems},
  author={Beloglazov, Anton and Buyya, Rajkumar and Lee, Young Choon and Zomaya, Albert and others},
  journal={Advances in Computers},
  volume={82},
  number={2},
  pages={47--111},
  year={2011},
  publisher={Academic Press}
}

@article{sthiannopkao2013handling,
  title={Handling e-waste in developed and developing countries: Initiatives, practices, and consequences},
  author={Sthiannopkao, Suthipong and Wong, Ming Hung},
  journal={Science of the Total Environment},
  volume={463},
  pages={1147--1153},
  year={2013},
  publisher={Elsevier}
}

@inproceedings{bunse2009exploring,
  title={Exploring the energy consumption of data sorting algorithms in embedded and mobile environments},
  author={Bunse, Christian and Hopfner, Hagen and Mansour, Essam and Roychoudhury, Suman},
  booktitle={Mobile Data Management: Systems, Services and Middleware, 2009. MDM'09. Tenth International Conference on},
  pages={600--607},
  year={2009},
  organization={IEEE}
}

@ONLINE{APMnorm:Online,
author = {Intel Corporation, Microsoft Corporation},
title = {Advanced Power Management APM BIOS Interface Specification},
month = feb,
year = {1996},
url = {http://intel-vintage-developer.eu5.org/IAL/POWERMGM/APMV12.PDF},
note = {\url{http://intel-vintage-developer.eu5.org/IAL/POWERMGM/APMV12.PDF}}
}

@ONLINE{DOCgovernors:Online,
author = {Dominik Brodowski},
title = {CPU frequency and voltage scaling code in the Linux TM kernel},
note = {\url{https://www.kernel.org/doc/Documentation/cpu-freq/governors.txt}},
month = nov,
year = {2013},
url = {https://www.kernel.org/doc/Documentation/cpu-freq/governors.txt}
}

@ONLINE{VUBestPractices:Online,
author = {University Amsterdam},
title = {Best practices for energy efficient software},
note = {\url{http://wiki.cs.vu.nl/green\_software/index.php/Best\_practices\_for\_energy\_efficient\_software}},
url = {http://wiki.cs.vu.nl/green\_software/index.php/Best\_practices\_for\_energy\_efficient\_software},
month  =  sep,
year  =  {2010},
}

@inproceedings{vetro2013definition,
  title={Definition, Implementation and Validation of Energy Code Smells: an Exploratory Study on an Embedded System},
  author={Vetro, Antonio and Ardito, Luca and Procaccianti, Giuseppe and Morisio, Maurizio},
  booktitle={ENERGY 2013, The Third International Conference on Smart Grids, Green Communications and IT Energy-aware Technologies},
  pages={34--39},
  year={2013}
}

@ONLINE{ACPI_Overview:Online,
author = {Intel},
title = {ACPI Overview},
note = {\url={http://www.acpi.info/presentations/ACPI\_Overview.pdf}},
url = {http://www.acpi.info/presentations/ACPI\_Overview.pdf},
month  =  feb,
year  =  {2011},
}

@misc{hewlett2004microsoft,
  title={Microsoft, Phoenix, and Toshiba. Advanced configuration and power interface specification},
  author={Hewlett-Packard, Intel},
  year={2004}
}

@ONLINE{bechgame,
author = {Brent Fulgham, Isaac Gouy},
title = {The Computer Language
Benchmarks Game},
note = {\url={http://http://benchmarksgame.alioth.debian.org/}},
url = {http://benchmarksgame.alioth.debian.org/},
month  =  mar,
year  =  {2014},
}
